@book{textbook,
author = {Eyal Kushilevitz and Noam Nisan},
title = {Communication complexity},
year = {2006},
edition = {2nd},
publisher = {Cambridge University Press},
}

@book{wiki,
author = {Wikipedia},
title = {Fully Homomorphic Encryption},
}

@inproceedings{rothblum2011homomorphic,
  title={Homomorphic encryption: From private-key to public-key},
  author={Rothblum, Ron},
  booktitle={Theory of cryptography conference},
  pages={219--234},
  year={2011},
  organization={Springer}
}
